@article{lyapustin2022towards,
  title        = {Towards True Detail Restoration for Super-Resolution: A Benchmark and a Quality Metric},
  author       = {Lyapustin, Eugene and Kirillova, Anastasia and Meshchaninov, Viacheslav and Zimin, Evgeney and Karetin, Nikolai and Vatolin, Dmitriy},
  year         = 2022,
  journal      = {under revision arXiv:2203.08923}
}
@conference{kirillova2022erqa,
  title        = {ERQA: Edge-restoration Quality Assessment for Video Super-Resolution},
  author       = {Anastasia Kirillova and Eugene Lyapustin and Anastasia Antsiferova and Dmitry Vatolin},
  year         = 2022,
  booktitle    = {VISAPP},
  doi          = {10.5220/0010780900003124},
}

